@inproceedings{bentz2016comparison,
  title={A comparison between morphological complexity measures: typological data vs. language corpora},
  author={Bentz, Christian and Ruzsics, Tatyana and Koplenig, Alexander and Samardzic, Tanja},
  booktitle={Proceedings of the Workshop on Computational Linguistics for Linguistic Complexity (CL4LC)},
  pages={142--153},
  year={2016}
}

@article{koplenig2017statistical,
  title={The statistical trade-off between word order and word structure--Large-scale evidence for the principle of least effort},
  author={Koplenig, Alexander and Meyer, Peter and Wolfer, Sascha and Mueller-Spitzer, Carolin},
  journal={PloS one},
  volume={12},
  number={3},
  pages={e0173614},
  year={2017},
  publisher={Public Library of Science}
}

@article{bojanowski2016enriching,
  title={Enriching Word Vectors with Subword Information},
  author={Bojanowski, Piotr and Grave, Edouard and Joulin, Armand and Mikolov, Tomas},
  journal={arXiv preprint arXiv:1607.04606},
  year={2016}
}

@inproceedings{nematzadeh2017evaluating,
  title={Evaluating Vector-Space Models of Word Representation, or, The Unreasonable Effectiveness of Counting Words Near Other Words},
  author={Nematzadeh, Aida and Meylan, Stephan C and Griffiths, Thomas L},
  booktitle={Proceedings of the 39th Annual Meeting of the Cognitive Science Society},
  year={2017}
}

@article{chen2017evaluating,
  title={Evaluating vector-space models of analogy},
  author={Chen, Dawn and Peterson, Joshua C and Griffiths, Thomas L},
  journal={arXiv preprint arXiv:1705.04416},
  year={2017}
}

@article{mikolov2013efficient,
  title={Efficient estimation of word representations in vector space},
  author={Mikolov, Tomas and Chen, Kai and Corrado, Greg and Dean, Jeffrey},
  journal={arXiv preprint arXiv:1301.3781},
  year={2013}
}

@article{hollis2016principals,
  title={The principals of meaning: Extracting semantic dimensions from co-occurrence models of semantics},
  author={Hollis, Geoff and Westbury, Chris},
  journal={Psychonomic bulletin \& review},
  volume={23},
  number={6},
  pages={1744--1756},
  year={2016},
  publisher={Springer}
 }
